@article{04nature/Wolfe_attributesVisual,
   author      = {J. M. Wolfe and T. S. Horowitz},
   journal   = {Nature Reviews Neuroscience},
   title       = {What attributes guide the deployment of visual attention and how do they do it?},
  pages =   "5:1--7",
   year        = {2004},
}



@article{80cogSc/Treisman_featureIntegration,
   author      = {Anne M Triesman and Garry Gelade},
   journal   = {Cognitive Psychology},
   title       = {A feature-integration theory of attention},
  volume = {12},
  number = {1},
  pages = {97--136},
   year = {1980},
}


@article{03neuroscience/luminanceContrast,
   author      = {Wolfgang Eihhauser and Peter Konig},
   journal   = {European Journal of Neuroscience},
   title       = {Does luminance-constrast contribute to a saliency map for overt visual attention?},
   volume = {17},
  pages =   "1089--1097",
   year        = {2003},
}



@article{09biology/eyeMovement,
   author      = {Mannan, Sabira K. and Kennard, Christopher and Husain, Masud},
   journal   = {Current biology},
   title       = {The role of visual salience in directing eye movements in visual object agnosia},
   volume = {19},
   number = {6},
  pages =   "247--248",
   year        = {2009},
}

@InProceedings{09_image_resize,
   author      = {Achanta, Radhakrishna and Susstrunk, Sabine},
   booktitle   = {ICIP},
   title       = {Saliency {D}etection for {C}ontent-aware {I}mage {R}esizing},
   year        = {2009},
}


@article{03neuron/Reynolds_attentionSaliency,
   author      = {John Reynolds and Robert Desimone},
   journal   = {Neuron},
   title       = {Interacting roles of attention and visual salience in V4},
  pages =   {853--863},
   year        = {2003},
  volume={37},
  number={5},
}


@article{04tog/rother_grabcut,
  title={{``Grabcut"-- Interactive foreground extraction using iterated graph cuts}},
  author={Rother, C. and Kolmogorov, V. and Blake, A.},
  journal={ACM Trans. Graph.},
  volume={23},
  number={3},
  pages={309--314},
  year={2004},
  publisher={ACM}
}

@InProceedings{09cvpr/Achanta_FTSaliency,
   author    = {Achanta, Radhakrishna and Hemami, Sheila and Estrada, Francisco and S{\"u}sstrunk, Sabine},
   booktitle = {CVPR},
   title   = {Frequency-tuned salient region detection},
   year    = {2009},
   pages =  {1597--1604},
}

@article{10pami/Liu_Learning,
    title = {Learning to Detect a Salient Object},
    author = {Liu, T. and Yuan, Z. and Sun, J. and Wang, J. and Zheng, N. and Tang X. and Shum H.Y.},
    journal = {IEEE TPAMI},
    pages = {353 -367},
    year = {2011},
    volume = {33},
    number = {2},
}


@article{02tog/decarlo_stylization,
  title={{Stylization and abstraction of photographs}},
  author={DeCarlo, D. and Santella, A.},
  journal={ACM Trans. Graph.},
  pages={769--776},
  year={2002},
  volume =	{21},
  number =	{3},
}

@book{99/zeki_innerVision,
  title={{Inner vision: An exploration of art and the brain}},
  author={Zeki, S.},
  year={1999},
  publisher={Oxford University Press}
}

@conference{10cvpr/goferman_context,
  title={{Context-aware saliency detection}},
  author={Goferman, S. and Zelnik-Manor, L. and Tal, A.},
  booktitle={CVPR},
  year={2010},
}
%  pages={2376--2383},

@article{07ANIPS/harel_graph,
  title={{Graph-based visual saliency}},
  author={Harel, J. and Koch, C. and Perona, P.},
  journal={Advances in neural information processing systems},
  volume={19},
  pages={545},
  year={2007},
  publisher={Citeseer}
}

@InProceedings{conf/nips/HarelKP06,
  title =	"Graph-Based Visual Saliency",
  author =	"Jonathan Harel and Christof Koch and Pietro Perona",
  year = 	"2006",
  booktitle =	"NIPS",
  pages =	"545--552",
}

@Article{98pami/Itti,
  title =   "A Model of Saliency-Based Visual Attention for Rapid Scene Analysis",
  author =  "Laurent Itti and Christof Koch and Ernst Niebur",
  journal = "IEEE TPAMI",
  year =    "1998",
  number =  "11",
  volume =  "20",
  pages =   "1254--1259",
}

@InProceedings{03ACMMM/Ma_Contrast-based,
  author =  "Yu-Fei Ma and Hong-Jiang Zhang",
  title =   "Contrast-based image attention analysis by using fuzzy growing",
  pages =   "374--381",
  booktitle =   "{ACM} Multimedia",
  year =    "2003",
}



@conference{07cvpr/hou_SpectralResidual,
  title={Saliency detection: A spectral residual approach},
  author={Hou, X. and Zhang, L.},
  booktitle={CVPR},
  pages={1--8},
  year={2007}
}

@InProceedings{08icassp/Wang,
  title =   "A two-stage approach to saliency detection in images",
  author =  "Zheshen Wang and Baoxin Li",
  year =    "2008",
  booktitle =   "ICASSP",
  pages =   "965--968",
}

@InProceedings{06acmmm/ZhaiS_spatiotemporal,
  title =   "Visual attention detection in video sequences using spatiotemporal cues",
  author =  "Yun Zhai and Mubarak Shah",
  booktitle =   "ACM Multimedia",
  year =    "2006",
  pages =   "815--824",
}

@conference{05cvpr/Weijer_boosting,
  title={Boosting saliency in color image features},
  author={van de Weijer, J. and Gevers, T.},
  booktitle={CVPR},
  pages={365--372},
  year={2005}
}

@article{93JN/Olshausen_neurobiological,
  title={{A neurobiological model of visual attention and invariant pattern recognition based on dynamic routing of information}},
  author={Olshausen, B.A. and Anderson, C.H. and Van Essen, D.C.},
  journal={Journal of Neuroscience},
  volume={13},
  number={11},
  pages={4700},
  year={1993},
  publisher={Soc Neuroscience}
}

@Article{85HN/KochVisualAttention,
  author =  "C. Koch and S. Ullman",
  year =    "1985",
  journal = "Human Neurbiology",
  pages =   "219--227",
  title =   "Shifts in selective visual attention: towards the underlying neural circuitry",
  volume =  "4",
}

@conference{07cvs/Frintrop_AttentionIntImage,
  title={{A real-time visual attention system using integral images}},
  author={Frintrop, S. and Klodt, M. and Rome, E.},
  booktitle={ICVS},
  year={2007},
  organization={Citeseer}
}

@article{00CE/christopoulos_jpeg,
  title={{The JPEG2000 still image coding system: an overview}},
  author={Christopoulos, C. and Skodras, A. and Ebrahimi, T.},
  journal={IEEE Trans. Consumer Elec.},
  volume={46},
  number={4},
  pages={1103--1127},
  year={2002},
  publisher={IEEE}
}

@book{1890/JamesPsychologyPrinciples,
  title={The principles of psychology},
  author={James, W.},
  year={1890},
  publisher={Harvard University Press},
}

@article{94/Cronly_ContrastSensitivity,
  title={Vision and visual dysfunction},
  author={Cronly-Dillon, J.R. and Stork, D.G.},
  journal={Journal of Cognitive Neuroscience},
  volume={6},
  number={2},
  pages={180--182},
  year={1994},
  publisher={MIT Press}
}

@InProceedings{04cvpr/RutishauserWWKP,
  author =  "U. Rutishauser and D. Walther and C. Koch and P. Perona",
  title =   "Is bottom-up attention useful for object recognition?",
  booktitle =   "CVPR",
  year =    "2004",
  pages =   "37--44",
}

@article{10pg/Huang_Zhang,
  title = {Video Painting via Motion Layer Manipulation},
  author = {Huang, Hua and Zhang, Lei and Fu, Tian-Nan},
  journal = {Comput. Graph. Forum},
  volume={29},
  number={7},
  pages={2055-2064},
  year={2010},
}

@article{06josa/KoN_InterestSegmentation,
  title={Object-of-interest image segmentation based on human attention and semantic region clustering},
  author={Ko, B.C. and Nam, J.},
  journal={J Opt Soc Am},
  volume={23},
  number={10},
  pages={2462},
  year={2006},
  publisher={OPTICAL SOC-AMERICA}
}

@article{06TCSVT/han_unsupervised,
  title={{Unsupervised extraction of visual attention objects in color images}},
  author={Han, J. and Ngan, K.N. and Li, M. and Zhang, H.J.},
  journal={IEEE TCSV},
  volume={16},
  number={1},
  pages={141--145},
  year={2006},
  publisher={IEEE}
}

@Article{TOG/Wang08,
    author = {Yu-Shuen Wang and Chiew-Lan Tai and Olga Sorkine and Tong-Yee Lee},
    title = { Optimized Scale-and-Stretch for Image Resizing},
    journal = {ACM Trans. Graph.},
    year = {2008},
    volume = {27},
    number = {5},
    pages = {118:1--8},
}


@Article{journal/tog/ChengZMHH10,
  title = "RepFinder: Finding Approximately Repeated Scene Elements for Image Editing",
  author =  "Ming-Ming Cheng and Fang-Lue Zhang and Niloy J. Mitra and Xiaolei Huang and Shi-Min Hu ",
  journal = "ACM Trans. Graph.",
  volume =  "29",
  number =  "4",
  pages =   "83:1--8",
  year =    "2010",
}


@Article{09cgf/ZhangC,
  title = "A Shape-Preserving Approach to Image Resizing",
  author =  "Guo-Xin Zhang and Ming-Ming Cheng and Shi-Min Hu and Ralph R. Martin",
  journal = "Comput. Graph. Forum",
  volume =  "28",
  number =  "7",
  pages =   "1897--1906",
  year =    "2009",
}

@Article{tog09/ChenCT_Sketch2Photo,
  title = "Sketch2Photo: Internet Image Montage",
  author =  "Tao Chen and Ming-Ming Cheng and Ping Tan and Ariel Shamir and Shi-Min Hu",
  journal = "ACM Trans. Graph.",
  volume =  "28",
  number =  "5",
  pages =   "124:1--10",
  year =    "2009",
}

@article{04ijcv/felzenszwalb_efficient,
  title={{Efficient graph-based image segmentation}},
  author={Felzenszwalb, P.F. and Huttenlocher, D.P.},
  journal={IJCV},
  volume={59},
  number={2},
  pages={167--181},
  year={2004},
  publisher={Springer}
}

@InProceedings{08cvs/achanta_salient,
  title={{Salient region detection and segmentation}},
  author={Achanta, R. and Estrada, F. and Wils, P. and S{\"u}sstrunk, S.},
  booktitle={ICVS},
  pages={66--75},
  year={2008},
  publisher={Springer}
}


@article{95ARN/DesimoneNeuralMachanisms,
  title={{Neural mechanisms of selective visual attention}},
  author={Desimone, R. and Duncan, J.},
  journal={Annual review of neuroscience},
  volume={18},
  number={1},
  pages={193--222},
  year={1995},
  publisher={Annual Reviews 4139 El Camino Way, PO Box 10139, Palo Alto, CA 94303-0139, USA}
}

@article{55ARP/Teuber_physiological,
  title={{Physiological psychology}},
  author={Teuber, H.L.},
  journal={Annual Review of Psychology},
  volume={6},
  number={1},
  pages={267--296},
  year={1955},
}

@article{10vc/Ding,
  title={Content-aware copying and pasting in images},
  author={Meng Ding and Ruo-Feng Tong},
  journal={The Viusal Computer},
  volume={26},
  pages={721--729},
  year={2010},
}

@article{wu-2010-resizing,
    author   = {Huisi Wu and Yu-Shuen Wang and Kun-Chuan Feng and
                Tien-Tsin Wong and Tong-Yee Lee and Pheng-Ann Heng},
    title    = {Resizing by Symmetry-Summarization},
    journal  = {ACM Trans. Graph.},
    year     = {2010},
    volume   = {29},
    number   = {6},
    pages    = {159:1--9},
}

@conference{Cheng_SaliencyCvpr11,
  title={Global Contrast based Salient Region Detection},
  author={Ming-Ming Cheng and Niloy J. Mitra and Xiaolei Huang and Philip H. S. Torr and Shi-Min Hu},
  booktitle={IEEE CVPR},
  pages={409--416},
  year={2011},
}
@string(CVPR  = "{IEEE CVPR}")
@string(CVPRW = "{IEEE CVPR Workshop}")
@string(ICCV  = "{IEEE ICCV}")
@string(ICCVW = "{IEEE ICCVW}")
@string(ECCV  = "{ECCV}")
@string(ICML  = "{ICML}")
@string(NIPS  = "{NeurIPS}")
@string(ICPR  = "{ICPR}")
@string(BMVC  =	"{BMVC}")
@string(ICIP  = "{IEEE ICIP}")
@string(ACCV  =	"{ACCV}")
@string(IJCAI =	"{IJCAI}")
@string(ICLR  =	"{ICLR}")
@string(ACMMM = "{ACM Multimedia}")
@string(ICME  = "{IEEE ICME}")
@string(SIGG  = "{ACM SIGGRAPH}")
@string(SIGGA = "{ACM SIGGRAPH Asia}")
@string(ICASSP= "{IEEE ICASSP}")
@string(MICCAI= "{MICCAI}")
@string(PAMI  = "{IEEE TPAMI}")
@string(IJCV  = "{IJCV}")
@string(TOG   = "{ACM TOG}")
@string(TIP   = "{IEEE TIP}")
@string(TVCG  = "{IEEE TVCG}")
@string(TCSVT = "{IEEE TCSVT}")
@string(TMM	  = "{IEEE TMM}")
@string(PR    = "{Pattern Recognition}")
@string(SPL	  = "{IEEE SPL}")
@string(VR    = "{Vision Research}")

@string(CVPR  = "{IEEE Conf. Comput. Vis. Pattern Recog.}")
@string(CVPRW = "{IEEE Conf. Comput. Vis. Pattern Recog. Worksh.}")
@string(ICCV  = "{Int. Conf. Comput. Vis.}")
@string(ICCVW = "{Int. Conf. Comput. Vis. Worksh.}")
@string(ECCV  = "{Eur. Conf. Comput. Vis.}")
@string(ICML  = "{Int. Conf. Mach. Learn.}")
@string(NIPS  = "{Adv. Neural Inform. Process. Syst.}")
@string(ICPR  = "{Int. Conf. Pattern Recog.}")
@string(BMVC  = "{Brit. Mach. Vis. Conf.}")
@string(ICIP  = "{IEEE Int. Conf. Image Process.}")
@string(ACCV  = "{Asian Conf. Comput. Vis.}")
@string(IJCAI = "{Int. Joint Conf. Artif. Intell.}")
@string(ICLR  = "{Int. Conf. Learn. Represent.}")
@string(ACMMM = "{ACM Int. Conf. Multimedia}")
@string(ICME  = "{Int. Conf. Multimedia and Expo}")
@string(SIGG  = "{ACM SIGGRAPH Anal. Conf.}")
@string(SIGGA = "{ACM SIGGRAPH Conf. Asia}")
@string(ICASSP=	"{IEEE Int. Conf. Acoust. Speech SP}")
@string(MICCAI= "{Med. Image. Comput. Comput. Assist. Interv.}")
@string(PAMI  = "{IEEE Trans. Pattern Anal. Mach. Intell.}")
@string(IJCV  = "{Int. J. Comput. Vis.}")
@string(TOG   = "{ACM Trans. Graph.}")
@string(TIP   = "{IEEE Trans. Image Process.}")
@string(TVCG  = "{IEEE Trans. Visual. Comput. Graph.}")
@string(TCSVT = "{IEEE Trans. Circ. Syst. Video Technol.}")
@string(TMM   = "{IEEE Trans. Multimedia}")
@string(PR    = "{Pattern Recogn.}")
@string(SPL	  = "{IEEE Signal Process. Let.}")
@string(VR    = "{Vis. Res.}")
@string(JOV	  = "{J. Vis.}")
@string(TVC   = "{The Vis. Comput.}")
@string(JCST  = "{J. Comput. Sci. Tech.}")
@string(CGF   = "{Comput. Graph. Forum}")




@ARTICLE{pami20Res2net, 
  author={Shang-Hua Gao and Ming-Ming Cheng and Kai Zhao and Xin-Yu Zhang and Ming-Hsuan Yang and Philip Torr}, 
  journal=PAMI, 
  title={Res2Net: A New Multi-scale Backbone Architecture}, 
  year={2020}, 
  volume={}, 
  number={}, 
  pages={1-1}, 
  doi={10.1109/TPAMI.2019.2938758}, 
}


@Misc{pytorch_sum,
howpublished = {\url{https://github.com/gasvn/pytorch_summary/}},
title = {Pytorch summary}
}
@Misc{inception_result,
howpublished = {\url{https://pytorch.org/docs/stable/torchvision/models.html\#torchvision-models}},
title = {Pytorch official implementation of Inception v3},
}
@article{belongie2002shape,
  title={Shape Matching and Object Recognition Using Shape Contexts},
  author={Belongie, Serge and Malik, Jitendra and Puzicha, Jan},
  journal=PAMI,
  year={2002}, 
  volume={24}, 
  number={4}, 
  pages={509-522}, 
}

@article{lowe2004distinctive,
  title={Distinctive image features from scale-invariant keypoints},
  author={Lowe, David G},
  journal=IJCV,
  volume={60},
  number={2},
  pages={91--110},
  year={2004},
  publisher={Springer}
}
@techreport{krizhevsky2009learning,
  title={Learning multiple layers of features from tiny images},
  author={Krizhevsky, Alex and Hinton, Geoffrey},
  year={2009},
  institution={Citeseer}
}
@article{everingham2010pascal,
  title={The pascal visual object classes (voc) challenge},
  author={Everingham, Mark and Van Gool, Luc and Williams, Christopher KI and Winn, John and Zisserman, Andrew},
  journal=IJCV,
  volume={88},
  number={2},
  pages={303--338},
  year={2010},
  publisher={Springer}
}
@inproceedings{movahedi2010design,
  title={Design and perceptual validation of performance measures for salient object segmentation},
  author={Movahedi, Vida and Elder, James H},
  booktitle=CVPR,
  pages={49--56},
  year={2010},
  organization={IEEE}
}
@article{liu2011learning,
  title={Learning to detect a salient object},
  author={Liu, Tie and Yuan, Zejian and Sun, Jian and Wang, Jingdong and Zheng, Nanning and Tang, Xiaoou and Shum, Heung-Yeung},
  journal=PAMI,
  volume={33},
  number={2},
  pages={353--367},
  year={2011},
  publisher={IEEE}
}
@inproceedings{hariharan2011semantic,
  title={Semantic contours from inverse detectors},
  author={Hariharan, Bharath and Arbel{\'a}ez, Pablo and Bourdev, Lubomir and Maji, Subhransu and Malik, Jitendra},
  booktitle=ICCV,
  year={2011},
  publisher={IEEE}
}
@inproceedings{krizhevsky2012imagenet,
  title={Imagenet classification with deep convolutional neural networks},
  author={Krizhevsky, Alex and Sutskever, Ilya and Hinton, Geoffrey E},
  booktitle=NIPS,
  pages={1097--1105},
  year={2012}
}
@inproceedings{yan2013hierarchical,
  title={Hierarchical saliency detection},
  author={Yan, Qiong and Xu, Li and Shi, Jianping and Jia, Jiaya},
  booktitle=CVPR,
  pages={1155--1162},
  year={2013}
}
@inproceedings{yang2013saliency,
  title={Saliency detection via graph-based manifold ranking},
  author={Yang, Chuan and Zhang, Lihe and Lu, Huchuan and Ruan, Xiang and Yang, Ming-Hsuan},
  booktitle=CVPR,
  pages={3166--3173},
  year={2013}
}
@inproceedings{lin2013network,
  title={Network in network},
  author={Lin, Min and Chen, Qiang and Yan, Shuicheng},
  booktitle=ICLR,
  year={2013}
}


@inproceedings{girshick2014rich,
  title={Rich feature hierarchies for accurate object detection and semantic segmentation},
  author={Girshick, Ross and Donahue, Jeff and Darrell, Trevor and Malik, Jitendra},
  booktitle=CVPR,
  pages={580--587},
  year={2014}
}
@inproceedings{simonyan2014two,
  title={Two-stream convolutional networks for action recognition in videos},
  author={Simonyan, Karen and Zisserman, Andrew},
  booktitle=NIPS,
  pages={568--576},
  year={2014}
}
@inproceedings{li2014secrets,
  title={The secrets of salient object segmentation},
  author={Li, Yin and Hou, Xiaodi and Koch, Christof and Rehg, James M and Yuille, Alan L},
  booktitle=CVPR,
  pages={280--287},
  year={2014}
}
@inproceedings{simonyan2014very,
  title={Very deep convolutional networks for large-scale image recognition},
  author={Simonyan, Karen and Zisserman, Andrew},
  booktitle=ICLR,
  year={2014}
} 
@inproceedings{lin2014microsoft,
  title={Microsoft coco: Common objects in context},
  author={Lin, Tsung-Yi and Maire, Michael and Belongie, Serge and Hays, James and Perona, Pietro and Ramanan, Deva and Doll{\'a}r, Piotr and Zitnick, C Lawrence},
  booktitle=ECCV,
  pages={740--755},
  year={2014},
  organization={Springer}
}
@article{cheng2015global,
  title={Global contrast based salient region detection},
  author={Cheng, Ming-Ming and Mitra, Niloy J and Huang, Xiaolei and Torr, Philip HS and Hu, Shi-Min},
  journal=PAMI,
  volume={37},
  number={3},
  pages={569--582},
  year={2015},
  publisher={IEEE}
}
@inproceedings{li2015visual,
  title={Visual saliency based on multiscale deep features},
  author={Li, Guanbin and Yu, Yizhou},
  booktitle=CVPR,
  pages={5455--5463},
  year={2015}
}
%inception network
@inproceedings{szegedy2015going,  
  title={Going deeper with convolutions},
  author={Szegedy, Christian and Liu, Wei and Jia, Yangqing and Sermanet, Pierre and Reed, Scott and Anguelov, Dragomir and Erhan, Dumitru and Vanhoucke, Vincent and Rabinovich, Andrew},
  booktitle=CVPR,
  pages={1--9},
  year={2015}
}
@article{russakovsky2015imagenet,
  title={Imagenet large scale visual recognition challenge},
  author={Russakovsky, Olga and Deng, Jia and Su, Hao and Krause, Jonathan and Satheesh, Sanjeev and Ma, Sean and Huang, Zhiheng and Karpathy, Andrej and Khosla, Aditya and Bernstein, Michael and others},
  journal=IJCV,
  volume={115},
  number={3},
  pages={211--252},
  year={2015},
  publisher={Springer}
}
@article{borji2015salient,
  title={Salient object detection: A benchmark},
  author={Borji, Ali and Cheng, Ming-Ming and Jiang, Huaizu and Li, Jia},
  journal=TIP,
  volume={24},
  number={12},
  pages={5706--5722},
  year={2015},
  publisher={IEEE}
}
@article{he2015spatial,
  title={Spatial pyramid pooling in deep convolutional networks for visual recognition},
  author={He, Kaiming and Zhang, Xiangyu and Ren, Shaoqing and Sun, Jian},
  journal=PAMI,
  volume={37},
  number={9},
  pages={1904--1916},
  year={2015},
  publisher={IEEE}
}
@inproceedings{long2015fully,
  title={Fully convolutional networks for semantic segmentation},
  author={Long, Jonathan and Shelhamer, Evan and Darrell, Trevor},
  booktitle=CVPR,
  pages={3431--3440},
  year={2015}
}
@inproceedings{ren2015faster,
  title={Faster r-cnn: Towards real-time object detection with region proposal networks},
  author={Ren, Shaoqing and He, Kaiming and Girshick, Ross and Sun, Jian},
  booktitle=NIPS,
  pages={91--99},
  year={2015}
}
@inproceedings{han2015learning,
  title={Learning both weights and connections for efficient neural network},
  author={Han, Song and Pool, Jeff and Tran, John and Dally, William},
  booktitle=NIPS,
  pages={1135--1143},
  year={2015}
}

@inproceedings{xie2015holistically,
  title={Holistically-nested edge detection},
  author={Xie, Saining and Tu, Zhuowen},
  booktitle=CVPR,
  pages={1395--1403},
  year={2015}
}
@article{everingham2015pascal,
  title={The pascal visual object classes challenge: A retrospective},
  author={Everingham, Mark and Eslami, SM Ali and Van Gool, Luc and Williams, Christopher KI and Winn, John and Zisserman, Andrew},
  journal=IJCV,
  volume={111},
  number={1},
  pages={98--136},
  year={2015},
  publisher={Springer}
}
@inproceedings{zhao2015saliency,
  title={Saliency detection by multi-context deep learning},
  author={Zhao, Rui and Ouyang, Wanli and Li, Hongsheng and Wang, Xiaogang},
  booktitle=CVPR,
  pages={1265--1274},
  year={2015}
}
@inproceedings{bell2016inside,
  title={Inside-outside net: Detecting objects in context with skip pooling and recurrent neural networks},
  author={Bell, Sean and Lawrence Zitnick, C and Bala, Kavita and Girshick, Ross},
  booktitle=CVPR,
  pages={2874--2883},
  year={2016}
}
@inproceedings{szegedy2016rethinking,
  title={Rethinking the inception architecture for computer vision},
  author={Szegedy, Christian and Vanhoucke, Vincent and Ioffe, Sergey and Shlens, Jon and Wojna, Zbigniew},
  booktitle=CVPR,
  pages={2818--2826},
  year={2016}
}
@inproceedings{liu2016ssd,
  title={Ssd: Single shot multibox detector},
  author={Liu, Wei and Anguelov, Dragomir and Erhan, Dumitru and Szegedy, Christian and Reed, Scott and Fu, Cheng-Yang and Berg, Alexander C},
  booktitle=ECCV,
  pages={21--37},
  year={2016},
  organization={Springer}
}
@inproceedings{li2016deep,
  title={Deep contrast learning for salient object detection},
  author={Li, Guanbin and Yu, Yizhou},
  booktitle=CVPR,
  pages={478--487},
  year={2016}
}
@INPROCEEDINGS{Zagoruyko2016WRN,
    author = {Sergey Zagoruyko and Nikos Komodakis},
    title = {Wide Residual Networks},
    booktitle = BMVC,
    year = {2016},
    month={September},
    pages={87.1-87.12},
    articleno={87},
    numpages={12},
    }
@inproceedings{he2016deep,
  title={Deep residual learning for image recognition},
  author={He, Kaiming and Zhang, Xiangyu and Ren, Shaoqing and Sun, Jian},
  booktitle=CVPR,
  pages={770--778},
  year={2016}
}
@inproceedings{he2017mask,
  title={Mask r-cnn},
  author={He, Kaiming and Gkioxari, Georgia and Doll{\'a}r, Piotr and Girshick, Ross},
  booktitle=ICCV,
  pages={2961--2969},
  year={2017}
}
@inproceedings{szegedy2017inception,
  title={Inception-v4, inception-resnet and the impact of residual connections on learning.},
  author={Szegedy, Christian and Ioffe, Sergey and Vanhoucke, Vincent and Alemi, Alexander A},
  booktitle={AAAI},
  volume={4},
  pages={12},
  year={2017}
}
@inproceedings{zhang2017multi,
  title={Multi-task correlation particle filter for robust object tracking},
  author={Zhang, Tianzhu and Xu, Changsheng and Yang, Ming-Hsuan},
  booktitle=CVPR,
  year={2017}
}
@inproceedings{lin2017feature,
  title={Feature Pyramid Networks for Object Detection.},
  author={Lin, Tsung-Yi and Doll{\'a}r, Piotr and Girshick, Ross B and He, Kaiming and Hariharan, Bharath and Belongie, Serge J},
  booktitle=CVPR,
  volume={1},
  pages={4},
  year={2017}
}
@inproceedings{chen2017dual,
  title={Dual path networks},
  author={Chen, Yunpeng and Li, Jianan and Xiao, Huaxin and Jin, Xiaojie and Yan, Shuicheng and Feng, Jiashi},
  booktitle=NIPS,
  pages={4467--4475},
  year={2017}
}
@Article{WangDRFI2017,
    author="Wang, Jingdong and Jiang, Huaizu and Yuan, Zejian and Cheng, Ming-Ming and Hu, Xiaowei and Zheng, Nanning",
    title="Salient Object Detection: A Discriminative Regional Feature Integration Approach",
    journal=IJCV,
    year="2017",
    volume="123",
    number="2",
    pages="251--268",
    issn="1573-1405",
    doi="10.1007/s11263-016-0977-3"
}
@inproceedings{Zhao2017PSP,
  title={Pyramid Scene Parsing Network},
  author={Hengshuang Zhao and Jianping Shi and Xiaojuan Qi and Xiaogang Wang and Jiaya Jia},
  booktitle=CVPR,
  year={2017}
}

@article{liu2017richer,
  author = {Yun Liu and Ming-Ming Cheng and Xiaowei Hu and Jia-Wang Bian and Le Zhang and Xiang Bai and Jinhui Tang},
  title = {Richer Convolutional Features for Edge Detection},
  year  = {2019},
  journal= PAMI,
  volume={41}, 
  number={8}, 
  pages={1939 - 1946}, 
  doi = {10.1109/TPAMI.2018.2878849},
}



@inproceedings{AdversErasingCVPR2017,
  title={Object Region Mining with Adversarial Erasing: A Simple Classification to Semantic Segmentation Approach},
  author={Yunchao Wei and Jiashi Feng and Xiaodan Liang and Ming-Ming Cheng and Yao Zhao and Shuicheng Yan},
  booktitle=CVPR,
  year={2017},
}


@article{hou2017deeply,
  title={Deeply supervised salient object detection with short connections},
  author={Hou, Qibin and Cheng, Ming-Ming and Hu, Xiaowei and Borji, Ali and Tu, Zhuowen and Torr, Philip},
  year  = {2019},
  volume={41}, 
  number={4}, 
  pages={815-828}, 
  journal= PAMI,
  doi = {10.1109/TPAMI.2018.2815688},
}


@article{chen2017rethinking,
  title={Rethinking atrous convolution for semantic image segmentation},
  author={Chen, Liang-Chieh and Papandreou, George and Schroff, Florian and Adam, Hartwig},
  journal={CoRR},
  volume = {abs/1706.05587},
  year={2017}
}
@inproceedings{zhang2017amulet,
  title={Amulet: Aggregating multi-level convolutional features for salient object detection},
  author={Zhang, Pingping and Wang, Dong and Lu, Huchuan and Wang, Hongyu and Ruan, Xiang},
  booktitle=CVPR,
  pages={202--211},
  year={2017}
}
@inproceedings{huang2017densely,
  title={Densely Connected Convolutional Networks.},
  author={Huang, Gao and Liu, Zhuang and Van Der Maaten, Laurens and Weinberger, Kilian Q},
  booktitle=CVPR,
  year={2017}
}
@InProceedings{Chollet_2017_CVPR,
author = {Chollet, Francois},
title = {Xception: Deep Learning With Depthwise Separable Convolutions},
booktitle = CVPR,
month = {July},
year = {2017}
}
@inproceedings{xie2017aggregated,
  title={Aggregated residual transformations for deep neural networks},
  author={Xie, Saining and Girshick, Ross and Doll{\'a}r, Piotr and Tu, Zhuowen and He, Kaiming},
  booktitle=CVPR,
  pages={5987--5995},
  year={2017},
  organization={IEEE}
}
@article{cheng2017survey,
  title={A survey of model compression and acceleration for deep neural networks},
  author={Cheng, Yu and Wang, Duo and Zhou, Pan and Zhang, Tao},
  journal={CoRR},
  volume = {abs/1710.09282},
  year={2017}
}

@article{paszke2017automatic,
  title={Automatic differentiation in PyTorch},
  author={Paszke, Adam and Gross, Sam and Chintala, Soumith and Chanan, Gregory and Yang, Edward and DeVito, Zachary and Lin, Zeming and Desmaison, Alban and Antiga, Luca and Lerer, Adam},
  year={2017}
}
@inproceedings{selvaraju2017grad,
  title={Grad-CAM: Visual Explanations from Deep Networks via Gradient-Based Localization.},
  author={Selvaraju, Ramprasaath R and Cogswell, Michael and Das, Abhishek and Vedantam, Ramakrishna and Parikh, Devi and Batra, Dhruv and others},
  booktitle=ICCV,
  pages={618--626},
  year={2017}
}
@inproceedings{bulat2017far,
  title={How far are we from solving the 2d \& 3d face alignment problem?(and a dataset of 230,000 3d facial landmarks)},
  author={Bulat, Adrian and Tzimiropoulos, Georgios},
  booktitle=CVPR,
  pages={1021--1030},
  year={2017}
}
@inproceedings{najibi2017ssh,
  title={Ssh: Single stage headless face detector},
  author={Najibi, Mahyar and Samangouei, Pouya and Chellappa, Rama and Davis, Larry S},
  booktitle={Proceedings of the IEEE International Conference on Computer Vision},
  pages={4875--4884},
  year={2017}
}
@InProceedings{Xiao_2018_ECCV,
author = {Xiao, Bin and Wu, Haiping and Wei, Yichen},
title = {Simple Baselines for Human Pose Estimation and Tracking},
booktitle = ECCV,
month = {September},
year = {2018}
}
@article{chen2018deeplab,
  title={Deeplab: Semantic image segmentation with deep convolutional nets, atrous convolution, and fully connected crfs},
  author={Chen, Liang-Chieh and Papandreou, George and Kokkinos, Iasonas and Murphy, Kevin and Yuille, Alan L},
  journal=PAMI,
  volume={40},
  number={4},
  pages={834--848},
  year={2018},
  publisher={IEEE}
}
@inproceedings{yu2018deep,
  title={Deep Layer Aggregation},
  author={Yu, Fisher and Wang, Dequan and Shelhamer, Evan and Darrell, Trevor},
  booktitle=CVPR,
  pages={2403--2412},
  year={2018}
}

@inproceedings{hu2018senet,
  title={Squeeze-and-Excitation Networks},
  author={Jie Hu and Li Shen and Gang Sun},
  booktitle=CVPR,
  year={2018}
}

@inproceedings{zhao2018hifi,
  title={Hi-{F}i: Hierarchical Feature Integration for Skeleton Detection},
  author={Zhao, Kai and Shen, Wei and Gao, Shanghua and Li, Dandan and Cheng, Ming-Ming},
  booktitle=IJCAI,
  year={2018}
}
@InProceedings{Ma_2018_ECCV,
author = {Ma, Ningning and Zhang, Xiangyu and Zheng, Hai-Tao and Sun, Jian},
title = {ShuffleNet V2: Practical Guidelines for Efficient CNN Architecture Design},
booktitle = ECCV,
month = {September},
year = {2018}
}
@InProceedings{Fan_2018_ECCV,
author = {Fan, Deng-Ping and Cheng, Ming-Ming and Liu, Jiang-Jiang and Gao, Shang-Hua and Hou, Qibin and Borji, Ali},
title = {Salient Objects in Clutter: Bringing Salient Object Detection to the Foreground},
booktitle = ECCV,
month = {September},
year = {2018}
}
@InProceedings{Chen_2018_ECCV,
author = {Chen, Liang-Chieh and Zhu, Yukun and Papandreou, George and Schroff, Florian and Adam, Hartwig},
title = {Encoder-Decoder with Atrous Separable Convolution for Semantic Image Segmentation},
booktitle = {The European Conference on Computer Vision (ECCV)},
month = {September},
year = {2018}
}
@article{yu2018slimmable,
  title={Slimmable Neural Networks},
  author={Yu, Jiahui and Yang, Linjie and Xu, Ning and Yang, Jianchao and Huang, Thomas S},
  journal={arXiv preprint arXiv:1812.08928},
  year={2018}
}

@InProceedings{chen2019drop,
  title={Drop an Octave: Reducing spatial redundancy in convolutional neural networks with octave convolution},
  author={Chen, Yunpeng and Fang, Haoqi and Xu, Bing and Yan, Zhicheng and Kalantidis, Yannis and Rohrbach, Marcus and Yan, Shuicheng and Feng, Jiashi},
  booktitle = ICCV,
  year={2019}
}

@inproceedings{chen2018biglittle,
    title={{Big-Little Net: An Efficient Multi-Scale Feature Representation for Visual and Speech Recognition}},
    author={Chun-Fu (Richard) Chen and Quanfu Fan and Neil Mallinar and Tom Sercu and Rogerio Feris},
    booktitle=ICML,
    year={2019},
}

@inproceedings{cheng2019high,
  title={High Frequency Residual Learning for Multi-Scale Image Classification},
  author={Cheng, Bowen and Xiao, Rong and Wang, Jianfeng and Huang, Thomas and Zhang, Lei},
  booktitle=BMVC,
  year={2019}
}
@inproceedings{SunXLW19,
  title={Deep High-Resolution Representation Learning for Human Pose Estimation},
  author={Ke Sun and Bin Xiao and Dong Liu and Jingdong Wang},
  booktitle=CVPR,
  pages = {5693--5703},
  year={2019}
}

@article{SunZJCXLMWLW19,
  title={High-Resolution Representations for Labeling Pixels and Regions},
  author={Ke Sun and Yang Zhao and Borui Jiang and Tianheng Cheng and Bin Xiao 
  and Dong Liu and Yadong Mu and Xinggang Wang and Wenyu Liu and Jingdong Wang},
  journal   = {CoRR},
  volume    = {abs/1904.04514},
  year={2019}
}

@Article{BingObjCheng2018,
  author="Cheng, Ming-Ming and Liu, Yun and Lin, Wen-Yan and Zhang, Ziming and Rosin, Paul L. and Torr, Philip H. S.",
  title="BING: Binarized normed gradients for objectness estimation at 300fps",
  journal="Computational Visual Media",
  year="2019",
  month="Mar",
  day="01",
  volume="5",
  number="1",
  pages="3--20",
  doi="10.1007/s41095-018-0120-1",
  url="https://doi.org/10.1007/s41095-018-0120-1"
}

@Article{BorjiCVM2019,
  author="Borji, Ali and Cheng, Ming-Ming and Hou, Qibin and Jiang, Huaizu and Li, Jia",
  title="Salient object detection: A survey",
  journal="Computational Visual Media",
  year="2019",
  volume="5",
  number="2",
  pages="117--150",
  issn="2096-0662",
  doi="10.1007/s41095-019-0149-9",
}

@inproceedings{Liu2019PoolSal,
  title={A Simple Pooling-Based Design for Real-Time Salient Object Detection},
  author={Jiang-Jiang Liu and Qibin Hou and Ming-Ming Cheng and Jiashi Feng and Jianmin Jiang},
  booktitle= CVPR,
  pages = {3917--3926},
  year={2019},
}

@inproceedings{nie2019multi,
  title={Multi-Level Context Ultra-Aggregation for Stereo Matching},
  author={Nie, Guang-Yu and Cheng, Ming-Ming and Liu, Yun and Liang, Zhengfa and Fan, Deng-Ping and Liu, Yue and Wang, Yongtian},
  booktitle=CVPR,
  pages={3283--3291},
  year={2019}
}

@inproceedings{Zhao2019RgbdSal,
  title={Contrast Prior and Fluid Pyramid Integration for RGBD Salient Object Detection},
  author={Jiaxing Zhao and Yang Cao and Deng-Ping Fan and Xuan-Yi Li and Le Zhang and Ming-Ming Cheng},
  booktitle= CVPR,
  year={2019},
}

@InProceedings{zhao2019optimizing,
  author    = {Kai Zhao and Shanghua Gao and Wenguan Wang and Ming-Ming Cheng},
  title     = {Optimizing the {F}-measure for Threshold-free Salient Object Detection},
  booktitle = ICCV,
  year      = {2019},
}
@inproceedings{yun2019cutmix,
  title={Cutmix: Regularization strategy to train strong classifiers with localizable features},
  author={Yun, Sangdoo and Han, Dongyoon and Oh, Seong Joon and Chun, Sanghyuk and Choe, Junsuk and Yoo, Youngjoon},
  booktitle=ICCV,
  pages={6023--6032},
  year={2019}
}
@inproceedings{he2019bag,
  title={Bag of tricks for image classification with convolutional neural networks},
  author={He, Tong and Zhang, Zhi and Zhang, Hang and Zhang, Zhongyue and Xie, Junyuan and Li, Mu},
  booktitle=CVPR,
  pages={558--567},
  year={2019}
}
@article{ma2019paddlepaddle,
  title={PaddlePaddle: An open-source deep learning platform from industrial practice},
  author={Ma, Yanjun and Yu, Dianhai and Wu, Tian and Wang, Haifeng},
  journal={Frontiers of Data and Domputing},
  volume={1},
  number={1},
  pages={105--115},
  year={2019}
}
@inproceedings{VecRoad_20CVPR,
 title={VecRoad: Point-based Iterative Graph Exploration for Road Graphs Extraction},
 author={Yong-Qiang Tan and Shanghua Gao and Xuan-Yi Li and Ming-Ming Cheng and Bo Ren},
 booktitle={IEEE CVPR},
 year={2020},
}
@inproceedings{fClick20CVPR,
 title={Interactive Image Segmentation with First Click Attention},
 author={Zheng Lin and Zhao Zhang and Lin-Zhuo Chen and Ming-Ming Cheng and Shao-Ping Lu},
 booktitle={IEEE CVPR},
 year={2020},
}
@inproceedings{GaoEccv20Sal100K,
	title={Highly Efficient Salient Object Detection with 100K Parameters},
	author={Shang-Hua Gao and Yong-Qiang Tan and Ming-Ming Cheng and Chengze Lu and Yunpeng Chen and Shuicheng Yan},
	booktitle = {European Conference on Computer Vision (ECCV)},
	year={2020},
}
@ARTICLE{21PAMI_InsImgDatasetWSIS,
    author={Yun Liu and Yu-Huan Wu and Peisong Wen and Yujun Shi and Yu Qiu and Ming-Ming Cheng},
    journal={IEEE Transactions on Pattern Analysis and Machine Intelligence}, 
    title={Leveraging Instance-, Image- and Dataset-Level Information for Weakly Supervised Instance Segmentation}, 
    year={2021},
    volume={},
    number={},
    pages={1-1},
    doi={10.1109/TPAMI.2020.3023152},
}
@article{wu2020jcs,
  title={JCS: An explainable covid-19 diagnosis system by joint classification and segmentation},
  author={Wu, Yu-Huan and Gao, Shang-Hua and Mei, Jie and Xu, Jun and Fan, Deng-Ping and Zhao, Chao-Wei and Cheng, Ming-Ming},
  journal=TIP,
  year={2021}
}
@inproceedings{li2020tea,
  title={Tea: Temporal excitation and aggregation for action recognition},
  author={Li, Yan and Ji, Bin and Shi, Xintian and Zhang, Jianguo and Kang, Bin and Wang, Limin},
  booktitle=CVPR,
  pages={909--918},
  year={2020}
}
@inproceedings{li2020generalized,
    title={Generalized Focal Loss: Learning Qualified and Distributed Bounding Boxes for Dense Object Detection},
    author={Li, Xiang and Wang, Wenhai and Wu, Lijun and Chen, Shuo and Hu, Xiaolin and Li, Jun and Tang, Jinhui and Yang, Jian},
    booktitle={NeurIPS},
    year={2020}
}
@inproceedings{fan2020pranet,
  title={Pranet: Parallel reverse attention network for polyp segmentation},
  author={Fan, Deng-Ping and Ji, Ge-Peng and Zhou, Tao and Chen, Geng and Fu, Huazhu and Shen, Jianbing and Shao, Ling},
  booktitle={International Conference on Medical Image Computing and Computer-Assisted Intervention},
  pages={263--273},
  year={2020},
  organization={Springer}
}

@article{fan2020inf,
  title={Inf-Net: Automatic COVID-19 Lung Infection Segmentation from CT Images},
  author={Fan, Deng-Ping and Zhou, Tao and Ji, Ge-Peng and Zhou, Yi and Chen, Geng and Fu, Huazhu and Shen, Jianbing and Shao, Ling},
  journal={IEEE Transactions on Medical Imaging},
  year={2020},
  volume={39}, 
  number={8}, 
  pages={2626 - 2637}, 
  doi = {10.1109/TMI.2020.2996645}
}

@article{fan2021concealed,
  title={Concealed object detection},
  author={Fan, Deng-Ping and Ji, Ge-Peng and Cheng, Ming-Ming and Shao, Ling},
  booktitle={arXiv},
  year={2021}
}